<record><leader>00000cas a22000007a 4500</leader><controlfield tag="001">19331499</controlfield><controlfield tag="008">890308d18uu1967mouwr ne      0    0eng d</controlfield><datafield ind1=" " ind2=" " tag="010"><subfield code="a">sn 89066285 </subfield></datafield><datafield ind1=" " ind2=" " tag="040"><subfield code="a">MQN</subfield><subfield code="b">eng</subfield><subfield code="c">MQN</subfield><subfield code="d">NVF</subfield><subfield code="d">OCL</subfield><subfield code="d">OCLCQ</subfield><subfield code="d">OCLCF</subfield><subfield code="d">OCLCO</subfield></datafield><datafield ind1=" " ind2=" " tag="042"><subfield code="a">msc</subfield></datafield><datafield ind1=" " ind2=" " tag="043"><subfield code="a">n-us-mo</subfield></datafield><datafield ind1="0" ind2="4" tag="245"><subfield code="a">The Bolivar herald.</subfield></datafield><datafield ind1=" " ind2=" " tag="260"><subfield code="a">Bolivar, Polk County, Mo. :</subfield><subfield code="b">C.D. Lyman</subfield></datafield><datafield ind1=" " ind2=" " tag="300"><subfield code="a">v.</subfield></datafield><datafield ind1=" " ind2=" " tag="310"><subfield code="a">Weekly</subfield></datafield><datafield ind1="0" ind2=" " tag="362"><subfield code="a">-v. 95, no. 37 (Nov. 23, 1967).</subfield></datafield><datafield ind1=" " ind2=" " tag="515"><subfield code="a">Numbering varies: Some issues have whole numbers.</subfield></datafield><datafield ind1=" " ind2=" " tag="580"><subfield code="a">Merged with: Bolivar herald, and: Polk County times, to form: Bolivar herald-free press.</subfield></datafield><datafield ind1=" " ind2=" " tag="588"><subfield code="a">Description based on: Vol. 11, no. 38 (Jan. 5, 1882).</subfield></datafield><datafield ind1=" " ind2="0" tag="651"><subfield code="a">Bolivar (Mo.)</subfield><subfield code="v">Newspapers.</subfield></datafield><datafield ind1=" " ind2="7" tag="655"><subfield code="a">Newspapers.</subfield><subfield code="2">fast</subfield><subfield code="0">(OCoLC)fst01423814</subfield></datafield><datafield ind1=" " ind2="7" tag="651"><subfield code="a">Missouri</subfield><subfield code="z">Bolivar.</subfield><subfield code="2">fast</subfield><subfield code="0">(OCoLC)fst01231301</subfield></datafield><datafield ind1=" " ind2=" " tag="752"><subfield code="a">United States</subfield><subfield code="b">Missouri</subfield><subfield code="c">Polk</subfield><subfield code="d">Bolivar.</subfield></datafield><datafield ind1="0" ind2="0" tag="780"><subfield code="t">Bolivar weekly herald</subfield><subfield code="w">(DLC)sn 85033829</subfield></datafield><datafield ind1="0" ind2="5" tag="780"><subfield code="t">Polk County news (Bolivar, Mo.)</subfield><subfield code="w">(DLC)sn 89066287</subfield></datafield><datafield ind1="1" ind2="7" tag="785"><subfield code="t">Bolivar free press</subfield><subfield code="w">(DLC)sn 85033828</subfield></datafield><datafield ind1="1" ind2="7" tag="785"><subfield code="t">Polk County times</subfield></datafield><datafield ind1="1" ind2="7" tag="785"><subfield code="t">Bolivar herald-free press</subfield><subfield code="w">(DLC)   89066284</subfield></datafield></record>